<?xml version="1.0" encoding="UTF-8"?><collection xmlns="http://www.loc.gov/MARC21/slim"><record><leader>00319nam--2200121-i-4500</leader><controlfield tag="001">000022475</controlfield><controlfield tag="002">20161230</controlfield><controlfield tag="005">20161230201034</controlfield><controlfield tag="008">060222s1000------------r-----000-0-eng-d</controlfield><datafield ind1=" " ind2=" " tag="245"><subfield code="a">Information and prediction in science</subfield></datafield><datafield ind1=" " ind2=" " tag="260"><subfield code="a">New York, Academic Prss, 1965. Xi + 272p</subfield></datafield><datafield ind1=" " ind2=" " tag="700"><subfield code="a">D.Dock And P.Bernays</subfield></datafield><datafield ind1=" " ind2=" " tag="852"><subfield code="a">21818</subfield></datafield></record></collection>